@inproceedings{kumar2010self,
  title={Self-paced learning for latent variable models},
  author={Kumar, M Pawan and Packer, Benjamin and Koller, Daphne},
  booktitle={Advances in Neural Information Processing Systems},
  pages={1189--1197},
  year={2010}
}
@inproceedings{bengio2009curriculum,
  title={Curriculum learning},
  author={Bengio, Yoshua and Louradour, J{\'e}r{\^o}me and Collobert, Ronan and Weston, Jason},
  booktitle={Proceedings of the 26th annual international conference on machine learning},
  pages={41--48},
  year={2009},
  organization={ACM}
}
@inproceedings{jiang2014easy,
  title={Easy samples first: Self-paced reranking for zero-example multimedia search},
  author={Jiang, Lu and Meng, Deyu and Mitamura, Teruko and Hauptmann, Alexander G},
  booktitle={Proceedings of the 22nd ACM international conference on Multimedia},
  pages={547--556},
  year={2014},
  organization={ACM}
}
@inproceedings{tang2012shifting,
  title={Shifting weights: Adapting object detectors from image to video},
  author={Tang, Kevin and Ramanathan, Vignesh and Fei-Fei, Li and Koller, Daphne},
  booktitle={Advances in Neural Information Processing Systems},
  pages={638--646},
  year={2012}
}
@inproceedings{jiang2014self,
  title={Self-paced learning with diversity},
  author={Jiang, Lu and Meng, Deyu and Yu, Shoou-I and Lan, Zhenzhong and Shan, Shiguang and Hauptmann, Alexander},
  booktitle={Advances in Neural Information Processing Systems},
  pages={2078--2086},
  year={2014}
}
@inproceedings{jiang2015self,
  title={Self-Paced Curriculum Learning.},
  author={Jiang, Lu and Meng, Deyu and Zhao, Qian and Shan, Shiguang and Hauptmann, Alexander G},
  booktitle={AAAI},
  volume={2},
  number={5.4},
  pages={6},
  year={2015}
}
@inproceedings{vo2016localizing,
  title={Localizing and Orienting Street Views Using Overhead Imagery},
  author={Vo, Nam N and Hays, James},
  booktitle={European Conference on Computer Vision},
  pages={494--509},
  year={2016},
  organization={Springer}
}
@inproceedings{hays2008im2gps,
  title={IM2GPS: estimating geographic information from a single image},
  author={Hays, James and Efros, Alexei A},
  booktitle={Computer Vision and Pattern Recognition, 2008. CVPR 2008. IEEE Conference on},
  pages={1--8},
  year={2008},
  organization={IEEE}
}
@inproceedings{leung2008localization,
  title={Localization in urban environments by matching ground level video images with an aerial image},
  author={Leung, Keith Yu Kit and Clark, Christopher M and Huissoon, Jan P},
  booktitle={Robotics and Automation, 2008. ICRA 2008. IEEE International Conference on},
  pages={551--556},
  year={2008},
  organization={IEEE}
}
@inproceedings{lin2013cross,
  title={Cross-view image geolocalization},
  author={Lin, Tsung-Yi and Belongie, Serge and Hays, James},
  booktitle={Proceedings of the IEEE Conference on Computer Vision and Pattern Recognition},
  pages={891--898},
  year={2013}
}
@inproceedings{bansal2012ultra,
  title={Ultra-wide baseline facade matching for geo-localization},
  author={Bansal, Mayank and Daniilidis, Kostas and Sawhney, Harpreet},
  booktitle={European Conference on Computer Vision},
  pages={175--186},
  year={2012},
  organization={Springer}
}
@inproceedings{shan2014accurate,
  title={Accurate geo-registration by ground-to-aerial image matching},
  author={Shan, Qi and Wu, Changchang and Curless, Brian and Furukawa, Yasutaka and Hernandez, Carlos and Seitz, Steven M},
  booktitle={2014 2nd International Conference on 3D Vision},
  volume={1},
  pages={525--532},
  year={2014},
  organization={IEEE}
}
@inproceedings{lin2015learning,
  title={Learning deep representations for ground-to-aerial geolocalization},
  author={Lin, Tsung-Yi and Cui, Yin and Belongie, Serge and Hays, James},
  booktitle={2015 IEEE Conference on Computer Vision and Pattern Recognition (CVPR)},
  pages={5007--5015},
  year={2015},
  organization={IEEE}
}
@article{itti1998model,
  title={A model of saliency-based visual attention for rapid scene analysis},
  author={Itti, Laurent and Koch, Christof and Niebur, Ernst and others},
  journal={IEEE Transactions on pattern analysis and machine intelligence},
  volume={20},
  number={11},
  pages={1254--1259},
  year={1998}
}
@inproceedings{zamir2010accurate,
  title={Accurate image localization based on google maps street view},
  author={Zamir, Amir Roshan and Shah, Mubarak},
  booktitle={European Conference on Computer Vision},
  pages={255--268},
  year={2010},
  organization={Springer}
}
@InProceedings{Arandjelovic16,
  author={Arandjelovi\'c, R. and Gronat, P. and Torii, A. and Pajdla, T. and Sivic, J.},
  title={NetVLAD: CNN architecture for weakly supervised place recognition},
  booktitle={IEEE Conference on Computer Vision and Pattern Recognition},
  year={2016}
}
@inproceedings{mnih2014recurrent,
  title={Recurrent models of visual attention},
  author={Mnih, Volodymyr and Heess, Nicolas and Graves, Alex and others},
  booktitle={Advances in Neural Information Processing Systems},
  pages={2204--2212},
  year={2014}
}
@article{zheng2015neural,
  title={A neural autoregressive approach to attention-based recognition},
  author={Zheng, Yin and Zemel, Richard S and Zhang, Yu-Jin and Larochelle, Hugo},
  journal={International Journal of Computer Vision},
  volume={113},
  number={1},
  pages={67--79},
  year={2015},
  publisher={Springer}
}
@article{simonyan2014very,
  title={Very deep convolutional networks for large-scale image recognition},
  author={Simonyan, Karen and Zisserman, Andrew},
  journal={arXiv preprint arXiv:1409.1556},
  year={2014}
}
@article{chatfield2014return,
  title={Return of the devil in the details: Delving deep into convolutional nets},
  author={Chatfield, Ken and Simonyan, Karen and Vedaldi, Andrea and Zisserman, Andrew},
  journal={arXiv preprint arXiv:1405.3531},
  year={2014}
}
@inproceedings{altwaijry2016learning,
  title={Learning to Match Aerial Images with Deep Attentive Architectures},
  author={Altwaijry, Hani and Trulls, Eduard and Hays, James and Fua, Pascal and Belongie, Serge},
  booktitle={Proceedings of the IEEE Conference on Computer Vision and Pattern Recognition},
  number={EPFL-CONF-217963},
  year={2016}
}
@inproceedings{krizhevsky2012imagenet,
  title={Imagenet classification with deep convolutional neural networks},
  author={Krizhevsky, Alex and Sutskever, Ilya and Hinton, Geoffrey E},
  booktitle={Advances in neural information processing systems},
  pages={1097--1105},
  year={2012}
}
@inproceedings{taigman2014deepface,
  title={Deepface: Closing the gap to human-level performance in face verification},
  author={Taigman, Yaniv and Yang, Ming and Ranzato, Marc'Aurelio and Wolf, Lior},
  booktitle={Proceedings of the IEEE Conference on Computer Vision and Pattern Recognition},
  pages={1701--1708},
  year={2014}
}
@article{weyand2016planet,
  title={Planet-photo geolocation with convolutional neural networks},
  author={Weyand, Tobias and Kostrikov, Ilya and Philbin, James},
  journal={arXiv preprint arXiv:1602.05314},
  year={2016}
}
@inproceedings{workman2015wide,
  title={Wide-area image geolocalization with aerial reference imagery},
  author={Workman, Scott and Souvenir, Richard and Jacobs, Nathan},
  booktitle={Proceedings of the IEEE International Conference on Computer Vision},
  pages={3961--3969},
  year={2015}
}
@inproceedings{zhou2014learning,
  title={Learning deep features for scene recognition using places database},
  author={Zhou, Bolei and Lapedriza, Agata and Xiao, Jianxiong and Torralba, Antonio and Oliva, Aude},
  booktitle={Advances in neural information processing systems},
  pages={487--495},
  year={2014}
}
@article{jia2014caffe,
  Author = {Jia, Yangqing and Shelhamer, Evan and Donahue, Jeff and Karayev, Sergey and Long, Jonathan and Girshick, Ross and Guadarrama, Sergio and Darrell, Trevor},
  Journal = {arXiv preprint arXiv:1408.5093},
  Title = {Caffe: Convolutional Architecture for Fast Feature Embedding},
  Year = {2014}
}
@Article{Russell2008,
author="Russell, Bryan C.
and Torralba, Antonio
and Murphy, Kevin P.
and Freeman, William T.",
title="LabelMe: A Database and Web-Based Tool for Image Annotation",
journal="International Journal of Computer Vision",
year="2008",
volume="77",
number="1",
pages="157--173"
}
@incollection{choy_nips16,
  title = {Universal Correspondence Network},
  author = {Choy, Christopher B and Gwak, JunYoung and Savarese, Silvio and Chandraker, Manmohan},
  booktitle = {Advances in Neural Information Processing Systems 29},
  year = {2016},
}
@incollection{chen2016boston,
  title = {Videos from the 2013 Boston Marathon: An Event Reconstruction Dataset for Synchronization and Localization},
  author = {Chen, Jia and Liang, Junwei and Lu, Han and Yu, Shoou-I and Hauptmann, Alexander G.},
  year = {2016},
}
@inproceedings{arandjelovic2013,
  title={All about VLAD},
  author={Arandjelovi\'c, Relja and Zisserman, Andrew},
  booktitle={Computer Vision and Pattern Recognition, 2013. CVPR 2013. IEEE Conference on},
  year={2013},
  organization={IEEE}
}
@inproceedings{philbin08lost,
  author    = {James Philbin and
               Ondrej Chum and
               Michael Isard and
               Josef Sivic and
               Andrew Zisserman},
  title     = {Lost in quantization: Improving particular object retrieval in large
               scale image databases},
  booktitle = {2008 {IEEE} Computer Society Conference on Computer Vision and Pattern
               Recognition {(CVPR} 2008), 24-26 June 2008, Anchorage, Alaska, {USA}},
  year      = {2008},
}
@inproceedings{philbin07object,
  author    = {James Philbin and
               Ondrej Chum and
               Michael Isard and
               Josef Sivic and
               Andrew Zisserman},
  title     = {Object retrieval with large vocabularies and fast spatial matching},
  booktitle = {2007 {IEEE} Computer Society Conference on Computer Vision and Pattern
               Recognition {(CVPR} 2007), 18-23 June 2007, Minneapolis, Minnesota,
               {USA}},
  year      = {2007},
}
@article{GorskiPK07,
  author    = {Jochen Gorski and
               Frank Pfeuffer and
               Kathrin Klamroth},
  title     = {Biconvex sets and optimization with biconvex functions: a survey and
               extensions},
  journal   = {Math. Meth. of {OR}},
  volume    = {66},
  number    = {3},
  pages     = {373--407},
  year      = {2007},
  url       = {http://dx.doi.org/10.1007/s00186-007-0161-1},
  doi       = {10.1007/s00186-007-0161-1},
  timestamp = {Sat, 23 Jun 2012 14:37:56 +0200},
  biburl    = {http://dblp.uni-trier.de/rec/bib/journals/mmor/GorskiPK07},
  bibsource = {dblp computer science bibliography, http://dblp.org}
}