@inproceedings{kumar2010self,
  title={Self-paced learning for latent variable models},
  author={Kumar, M Pawan and Packer, Benjamin and Koller, Daphne},
  booktitle={Advances in Neural Information Processing Systems},
  pages={1189--1197},
  year={2010}
}
@inproceedings{bengio2009curriculum,
  title={Curriculum learning},
  author={Bengio, Yoshua and Louradour, J{\'e}r{\^o}me and Collobert, Ronan and Weston, Jason},
  booktitle={Proceedings of the 26th annual international conference on machine learning},
  pages={41--48},
  year={2009},
  organization={ACM}
}
@inproceedings{jiang2014easy,
  title={Easy samples first: Self-paced reranking for zero-example multimedia search},
  author={Jiang, Lu and Meng, Deyu and Mitamura, Teruko and Hauptmann, Alexander G},
  booktitle={Proceedings of the 22nd ACM international conference on Multimedia},
  pages={547--556},
  year={2014},
  organization={ACM}
}
@inproceedings{tang2012shifting,
  title={Shifting weights: Adapting object detectors from image to video},
  author={Tang, Kevin and Ramanathan, Vignesh and Fei-Fei, Li and Koller, Daphne},
  booktitle={Advances in Neural Information Processing Systems},
  pages={638--646},
  year={2012}
}
@inproceedings{jiang2014self,
  title={Self-paced learning with diversity},
  author={Jiang, Lu and Meng, Deyu and Yu, Shoou-I and Lan, Zhenzhong and Shan, Shiguang and Hauptmann, Alexander},
  booktitle={Advances in Neural Information Processing Systems},
  pages={2078--2086},
  year={2014}
}
@inproceedings{jiang2015self,
  title={Self-Paced Curriculum Learning.},
  author={Jiang, Lu and Meng, Deyu and Zhao, Qian and Shan, Shiguang and Hauptmann, Alexander G},
  booktitle={AAAI},
  volume={2},
  number={5.4},
  pages={6},
  year={2015}
}
@inproceedings{vo2016localizing,
  title={Localizing and Orienting Street Views Using Overhead Imagery},
  author={Vo, Nam N and Hays, James},
  booktitle={European Conference on Computer Vision},
  pages={494--509},
  year={2016},
  organization={Springer}
}
@inproceedings{hays2008im2gps,
  title={IM2GPS: estimating geographic information from a single image},
  author={Hays, James and Efros, Alexei A},
  booktitle={Computer Vision and Pattern Recognition, 2008. CVPR 2008. IEEE Conference on},
  pages={1--8},
  year={2008},
  organization={IEEE}
}
@inproceedings{leung2008localization,
  title={Localization in urban environments by matching ground level video images with an aerial image},
  author={Leung, Keith Yu Kit and Clark, Christopher M and Huissoon, Jan P},
  booktitle={Robotics and Automation, 2008. ICRA 2008. IEEE International Conference on},
  pages={551--556},
  year={2008},
  organization={IEEE}
}
@inproceedings{lin2013cross,
  title={Cross-view image geolocalization},
  author={Lin, Tsung-Yi and Belongie, Serge and Hays, James},
  booktitle={Proceedings of the IEEE Conference on Computer Vision and Pattern Recognition},
  pages={891--898},
  year={2013}
}
@inproceedings{bansal2012ultra,
  title={Ultra-wide baseline facade matching for geo-localization},
  author={Bansal, Mayank and Daniilidis, Kostas and Sawhney, Harpreet},
  booktitle={European Conference on Computer Vision},
  pages={175--186},
  year={2012},
  organization={Springer}
}
@inproceedings{shan2014accurate,
  title={Accurate geo-registration by ground-to-aerial image matching},
  author={Shan, Qi and Wu, Changchang and Curless, Brian and Furukawa, Yasutaka and Hernandez, Carlos and Seitz, Steven M},
  booktitle={2014 2nd International Conference on 3D Vision},
  volume={1},
  pages={525--532},
  year={2014},
  organization={IEEE}
}
@inproceedings{lin2015learning,
  title={Learning deep representations for ground-to-aerial geolocalization},
  author={Lin, Tsung-Yi and Cui, Yin and Belongie, Serge and Hays, James},
  booktitle={2015 IEEE Conference on Computer Vision and Pattern Recognition (CVPR)},
  pages={5007--5015},
  year={2015},
  organization={IEEE}
}